<record><leader>00000cas a22000007a 4500</leader><controlfield tag="001">17499656</controlfield><controlfield tag="008">880218d19691976lauwr ne      0    0eng d</controlfield><datafield ind1=" " ind2=" " tag="010"><subfield code="a">sn 88064134 </subfield></datafield><datafield ind1=" " ind2=" " tag="040"><subfield code="a">LNP</subfield><subfield code="b">eng</subfield><subfield code="c">LNP</subfield><subfield code="d">OCLCQ</subfield></datafield><datafield ind1=" " ind2=" " tag="042"><subfield code="a">msc</subfield></datafield><datafield ind1="0" ind2="0" tag="245"><subfield code="a">West St. Charles guide.</subfield></datafield><datafield ind1="3" ind2="0" tag="246"><subfield code="a">West Saint Charles guide</subfield></datafield><datafield ind1=" " ind2=" " tag="260"><subfield code="a">[Luling], La. :</subfield><subfield code="b">[s.n.]</subfield></datafield><datafield ind1=" " ind2=" " tag="310"><subfield code="a">Weekly</subfield></datafield><datafield ind1="0" ind2=" " tag="362"><subfield code="a">Vol. 1, no. 1 (Aug. 27, 1969)-v. 7, no. 47 (June 30, 1976).</subfield></datafield><datafield ind1=" " ind2=" " tag="500"><subfield code="a">Published in Luling, La., Aug. 27, 1969-Dec. 29, 1971; in Boutte, La., Jan. 5, 1972-June 30, 1976.</subfield></datafield><datafield ind1=" " ind2=" " tag="752"><subfield code="a">United States</subfield><subfield code="b">Louisiana</subfield><subfield code="c">Saint Charles</subfield><subfield code="d">Boutte.</subfield></datafield><datafield ind1=" " ind2=" " tag="752"><subfield code="a">United States</subfield><subfield code="b">Louisiana</subfield><subfield code="c">Saint Charles</subfield><subfield code="d">Luling.</subfield></datafield><datafield ind1="0" ind2="0" tag="785"><subfield code="t">River parishes guide and West St. Charles guide</subfield><subfield code="w">(DLC)sn 88064135</subfield></datafield></record>